@book{ams,
  title={Mathematics into Type},
  author={{American Mathematical Society}},
  note={Online available: http://www.ams.org/publications/authors/AMS-StyleGuide-online.pdf}
}

@book{oxford,
  author={T.W. Chaundy and P.R. Barrett and C. Batey},
  title={The Printing of Mathematics},
  publisher={Oxford University Press},
  year={1954},
  address={London}
}

@book{lacomp,
  title={The \LaTeX\ Companion},
  author={F. Mittelbach and M. Goossens},
  publisher={Addison-Wesley},
  year={2004},
  edition={2nd},
  address={Boston, MA}
}

@misc{he2015deepresiduallearningimage,
      title={Deep Residual Learning for Image Recognition}, 
      author={Kaiming He and Xiangyu Zhang and Shaoqing Ren and Jian Sun},
      year={2015},
      eprint={1512.03385},
      archivePrefix={arXiv},
      primaryClass={cs.CV},
      url={https://arxiv.org/abs/1512.03385}, 
}

@misc{kingma2017adammethodstochasticoptimization,
      title={Adam: A Method for Stochastic Optimization}, 
      author={Diederik P. Kingma and Jimmy Ba},
      year={2017},
      eprint={1412.6980},
      archivePrefix={arXiv},
      primaryClass={cs.LG},
      url={https://arxiv.org/abs/1412.6980}, 
}

@misc{rezaei2024systematicreviewimagesegmentation,
      title={Systematic review of image segmentation using complex networks}, 
      author={Amin Rezaei and Fatemeh Asadi},
      year={2024},
      eprint={2401.02758},
      archivePrefix={arXiv},
      primaryClass={cs.CV},
      url={https://arxiv.org/abs/2401.02758}, 
}

@INPROCEEDINGS{10073734,
  author={Shaik, Abbas Ali and Siddi Gopal Lingamallu, Shyama and Bezzam, Vinay Ratna and Harsha Tiruveedula, Sri and Imambi, S Sagar and Gangashetty, SuryaKanth V},
  booktitle={2023 Third International Conference on Artificial Intelligence and Smart Energy (ICAIS)}, 
  title={A Review: Comprehensive and Systematic Analysis of Medical Image Segmentation Techniques}, 
  year={2023},
  volume={},
  number={},
  pages={778-782},
  keywords={Training;Fault diagnosis;Image segmentation;Image analysis;Systematics;Noise reduction;Dogs;Segmentation;Tumor detection;Classification;Image analysis;Noise reduction},
  doi={10.1109/ICAIS56108.2023.10073734}}

@misc{guo2022segnextrethinkingconvolutionalattention,
      title={SegNeXt: Rethinking Convolutional Attention Design for Semantic Segmentation}, 
      author={Meng-Hao Guo and Cheng-Ze Lu and Qibin Hou and Zhengning Liu and Ming-Ming Cheng and Shi-Min Hu},
      year={2022},
      eprint={2209.08575},
      archivePrefix={arXiv},
      primaryClass={cs.CV},
      url={https://arxiv.org/abs/2209.08575}, 
}

@misc{oshea2015introductionconvolutionalneuralnetworks,
      title={An Introduction to Convolutional Neural Networks}, 
      author={Keiron O'Shea and Ryan Nash},
      year={2015},
      eprint={1511.08458},
      archivePrefix={arXiv},
      primaryClass={cs.NE},
      url={https://arxiv.org/abs/1511.08458}, 
}

@misc{hatamizadeh2021unetrtransformers3dmedical,
      title={UNETR: Transformers for 3D Medical Image Segmentation}, 
      author={Ali Hatamizadeh and Yucheng Tang and Vishwesh Nath and Dong Yang and Andriy Myronenko and Bennett Landman and Holger Roth and Daguang Xu},
      year={2021},
      eprint={2103.10504},
      archivePrefix={arXiv},
      primaryClass={eess.IV},
      url={https://arxiv.org/abs/2103.10504}, 
}

@misc{wacker2020transferlearningbraintumor,
      title={Transfer Learning for Brain Tumor Segmentation}, 
      author={Jonas Wacker and Marcelo Ladeira and Jos√© Eduardo Vaz Nascimento},
      year={2020},
      eprint={1912.12452},
      archivePrefix={arXiv},
      primaryClass={eess.IV},
      url={https://arxiv.org/abs/1912.12452}, 
}

@misc{darabi2024BrainTumorImageDataSet,
  author       = {Parisa Karimi Darabi},
  title        = {Brain Tumor Image DataSet: Semantic Segmentation},
  year         = {2024},
  month        = {January},
  url          = {https://teams.microsoft.com/l/message/19:meeting_MDA2ZmZjZjItMTJlYy00NDkyLTlkYjYtMjk2OWIxYzMyNGZm@thread.v2/1720990601720?context=%7B%22contextType%22%3A%22chat%22%7D},
}